@article{article,
author = {Fremerey, C and Damm, David and MÃ¼ller, Meinard and Kurth, F and Clausen, Michael},
year = {2009},
month = {01},
pages = {},
title = {Handling Scanned Sheet Music and Audio Recordings in Digital Music Libraries}
}

@misc{oord2016wavenet,
    title={WaveNet: A Generative Model for Raw Audio}, 
    author={Aaron van den Oord and Sander Dieleman and Heiga Zen and Karen Simonyan and Oriol Vinyals and Alex Graves and Nal Kalchbrenner and Andrew Senior and Koray Kavukcuoglu},
    year={2016},
    eprint={1609.03499},
    archivePrefix={arXiv},
    primaryClass={cs.SD}
}